@inproceedings{friedman1995plausibility,
  author    = {Nir Friedman and Joseph Y. Halpern},
  title     = {Plausibility Measures: A User's Guide},
  booktitle = {Proceedings of the Eleventh Conference on Uncertainty in Artificial Intelligence (UAI'95)},
  year      = {1995},
  pages     = {249--258},
  publisher = {Morgan Kaufmann Publishers Inc.},
  address   = {San Francisco, CA, USA}
}

@article{dubois2006possibility,
  author    = {Didier Dubois and Henri Prade},
  title     = {Possibility Theory and its Applications: A Retrospective and Prospective View},
  journal   = {International Journal of Uncertainty, Fuzziness and Knowledge-Based Systems},
  year      = {2006},
  volume    = {14},
  number    = {06},
  pages     = {623--641},
  publisher = {World Scientific Publishing Company}
}

@article{dubois1994survey,
  author    = {Didier Dubois and Henri Prade},
  title     = {A survey of belief revision and updating rules in various uncertainty models},
  journal   = {International Journal of Intelligent Systems},
  year      = {1994},
  volume    = {9},
  number    = {7},
  pages     = {611--644},
  publisher = {Wiley}
}

@article{dubois2003stand,
  author    = {Didier Dubois and Henri Prade},
  title     = {Possibility theory and its applications: where do we stand?},
  journal   = {Fuzzy Sets and Systems},
  year      = {2003},
  volume    = {140},
  number    = {2},
  pages     = {223--252},
  publisher = {Elsevier}
}

@article{dubois1991conditioning,
  author    = {Didier Dubois and Henri Prade},
  title     = {Conditioning in possibility and evidence theories — a logical viewpoint},
  journal   = {Artificial Intelligence},
  year      = {1991},
  volume    = {50},
  number    = {3},
  pages     = {365--379},
  publisher = {Elsevier}
}

@article{Waidacher1997,
  author  = {Waidacher, C.},
  title   = {Hidden Assumptions in the Dutch Book Argument},
  journal = {Theory and Decision},
  year    = {1997},
  volume  = {43},
  number  = {3},
  pages   = {293--312},
  doi     = {10.1023/A:1004996226545}
}

@article{Kemeny1955,
  author  = {Kemeny, J.~G.},
  title   = {Fair Bets and Inductive Probabilities},
  journal = {Journal of Symbolic Logic},
  year    = {1955},
  volume  = {20},
  number  = {3},
  pages   = {263--273},
  doi     = {10.2307/2268222}
}

@incollection{SEP-DutchBook,
  author    = {Hájek, Alan},
  title     = {Dutch Book Arguments},
  booktitle = {The Stanford Encyclopedia of Philosophy},
  editor    = {Zalta, Edward N.},
  publisher = {Metaphysics Research Lab, Stanford University},
  year      = {2019},
  edition   = {Spring 2019},
  url       = {https://plato.stanford.edu/entries/dutch-book/}
}